@inproceedings{chen2004detecting,
  title={Detecting and reading text in natural scenes},
  author={Chen, Xiangrong and Yuille, Alan L},
  booktitle={Computer Vision and Pattern Recognition, 2004. CVPR 2004. Proceedings of the 2004 IEEE Computer Society Conference on},
  volume={2},
  pages={II--II},
  year={2004},
  organization={IEEE}
}

@inproceedings{epshtein2010detecting,
  title={Detecting text in natural scenes with stroke width transform},
  author={Epshtein, Boris and Ofek, Eyal and Wexler, Yonatan},
  booktitle={Computer Vision and Pattern Recognition (CVPR), 2010 IEEE Conference on},
  pages={2963--2970},
  year={2010},
  organization={IEEE}
}

@article{neumann2011method,
  title={A method for text localization and recognition in real-world images},
  author={Neumann, Lukas and Matas, Jiri},
  journal={Computer Vision--ACCV 2010},
  pages={770--783},
  year={2011},
  publisher={Springer}
}

@inproceedings{wang2011end,
  title={End-to-end scene text recognition},
  author={Wang, Kai and Babenko, Boris and Belongie, Serge},
  booktitle={Computer Vision (ICCV), 2011 IEEE International Conference on},
  pages={1457--1464},
  year={2011},
  organization={IEEE}
}

@inproceedings{yao2012detecting,
  title={Detecting texts of arbitrary orientations in natural images},
  author={Yao, Cong and Bai, Xiang and Liu, Wenyu and Ma, Yi and Tu, Zhuowen},
  booktitle={Computer Vision and Pattern Recognition (CVPR), 2012 IEEE Conference on},
  pages={1083--1090},
  year={2012},
  organization={IEEE}
}

@inproceedings{neumann2013scene,
  title={Scene text localization and recognition with oriented stroke detection},
  author={Neumann, Lukas and Matas, Jiri},
  booktitle={Proceedings of the IEEE International Conference on Computer Vision},
  pages={97--104},
  year={2013}
}

@inproceedings{bissacco2013photoocr,
  title={Photoocr: Reading text in uncontrolled conditions},
  author={Bissacco, Alessandro and Cummins, Mark and Netzer, Yuval and Neven, Hartmut},
  booktitle={Proceedings of the IEEE International Conference on Computer Vision},
  pages={785--792},
  year={2013}
}

@article{ye2015text,
  title={Text detection and recognition in imagery: A survey},
  author={Ye, Qixiang and Doermann, David},
  journal={IEEE transactions on pattern analysis and machine intelligence},
  volume={37},
  number={7},
  pages={1480--1500},
  year={2015},
  publisher={IEEE}
}

@article{yao2013rotation,
  title={Rotation-invariant features for multi-oriented text detection in natural images},
  author={Yao, Cong and Zhang, Xin and Bai, Xiang and Liu, Wenyu and Ma, Yi and Tu, Zhuowen},
  journal={PloS one},
  volume={8},
  number={8},
  pages={e70173},
  year={2013},
  publisher={Public Library of Science}
}

@inproceedings{chen2011robust,
  title={Robust text detection in natural images with edge-enhanced maximally stable extremal regions},
  author={Chen, Huizhong and Tsai, Sam S and Schroth, Georg and Chen, David M and Grzeszczuk, Radek and Girod, Bernd},
  booktitle={Image Processing (ICIP), 2011 18th IEEE International Conference on},
  pages={2609--2612},
  year={2011},
  organization={IEEE}
}

@article{yi2012localizing,
  title={Localizing text in scene images by boundary clustering, stroke segmentation, and string fragment classification},
  author={Yi, Chucai and Tian, Yingli},
  journal={IEEE Transactions on Image Processing},
  volume={21},
  number={9},
  pages={4256--4268},
  year={2012},
  publisher={IEEE}
}

@article{yi2013text,
  title={Text extraction from scene images by character appearance and structure modeling},
  author={Yi, Chucai and Tian, Yingli},
  journal={Computer Vision and Image Understanding},
  volume={117},
  number={2},
  pages={182--194},
  year={2013},
  publisher={Elsevier}
}

@inproceedings{huang2013text,
  title={Text localization in natural images using stroke feature transform and text covariance descriptors},
  author={Huang, Weilin and Lin, Zhe and Yang, Jianchao and Wang, Jue},
  booktitle={Proceedings of the IEEE International Conference on Computer Vision},
  pages={1241--1248},
  year={2013}
}


@article{shi2013scene,
  title={Scene text detection using graph model built upon maximally stable extremal regions},
  author={Shi, Cunzhao and Wang, Chunheng and Xiao, Baihua and Zhang, Yang and Gao, Song},
  journal={Pattern recognition letters},
  volume={34},
  number={2},
  pages={107--116},
  year={2013},
  publisher={Elsevier}
}

@inproceedings{zamberletti2014text,
  title={Text localization based on fast feature pyramids and multi-resolution maximally stable extremal regions},
  author={Zamberletti, Alessandro and Noce, Lucia and Gallo, Ignazio},
  booktitle={Asian Conference on Computer Vision},
  pages={91--105},
  year={2014},
  organization={Springer}
}

@article{kim2003texture,
  title={Texture-based approach for text detection in images using support vector machines and continuously adaptive mean shift algorithm},
  author={Kim, Kwang In and Jung, Keechul and Kim, Jin Hyung},
  journal={IEEE Transactions on Pattern Analysis and Machine Intelligence},
  volume={25},
  number={12},
  pages={1631--1639},
  year={2003},
  publisher={IEEE}
}

@inproceedings{hanif2009text,
  title={Text detection and localization in complex scene images using constrained adaboost algorithm},
  author={Hanif, Shehzad Muhammad and Prevost, Lionel},
  booktitle={Document Analysis and Recognition, 2009. ICDAR'09. 10th International Conference on},
  pages={1--5},
  year={2009},
  organization={IEEE}
}

@inproceedings{lee2011adaboost,
  title={Adaboost for text detection in natural scene},
  author={Lee, Jung-Jin and Lee, Pyoung-Hean and Lee, Seong-Whan and Yuille, Alan and Koch, Christof},
  booktitle={Document Analysis and Recognition (ICDAR), 2011 International Conference on},
  pages={429--434},
  year={2011},
  organization={IEEE}
}

@article{dollar2015fast,
  title={Fast edge detection using structured forests},
  author={Doll{\'a}r, Piotr and Zitnick, C Lawrence},
  journal={IEEE transactions on pattern analysis and machine intelligence},
  volume={37},
  number={8},
  pages={1558--1570},
  year={2015},
  publisher={IEEE}
}

@inproceedings{wang2012end,
  title={End-to-end text recognition with convolutional neural networks},
  author={Wang, Tao and Wu, David J and Coates, Adam and Ng, Andrew Y},
  booktitle={Pattern Recognition (ICPR), 2012 21st International Conference on},
  pages={3304--3308},
  year={2012},
  organization={IEEE}
}

@article{wolf2006object,
  title={Object count/area graphs for the evaluation of object detection and segmentation algorithms},
  author={Wolf, Christian and Jolion, Jean-Michel},
  journal={International Journal of Document Analysis and Recognition (IJDAR)},
  volume={8},
  number={4},
  pages={280--296},
  year={2006},
  publisher={Springer}
}

@inproceedings{sung2015scene,
  title={Scene text detection with robust character candidate extraction method},
  author={Sung, Myung-Chul and Jun, Bongjin and Cho, Hojin and Kim, Daijin},
  booktitle={Document Analysis and Recognition (ICDAR), 2015 13th International Conference on},
  pages={426--430},
  year={2015},
  organization={IEEE}
}

@inproceedings{tian2015text,
  title={Text flow: A unified text detection system in natural scene images},
  author={Tian, Shangxuan and Pan, Yifeng and Huang, Chang and Lu, Shijian and Yu, Kai and Lim Tan, Chew},
  booktitle={Proceedings of the IEEE International Conference on Computer Vision},
  pages={4651--4659},
  year={2015}
}

@inproceedings{zhu2016text,
  title={Text detection based on convolutional neural networks with spatial pyramid pooling},
  author={Zhu, Rui and Mao, Xiao-Jiao and Zhu, Qi-Hai and Li, Ning and Yang, Yu-Bin},
  booktitle={Image Processing (ICIP), 2016 IEEE International Conference on},
  pages={1032--1036},
  year={2016},
  organization={IEEE}
}

@inproceedings{gupta2016synthetic,
  title={Synthetic data for text localisation in natural images},
  author={Gupta, Ankush and Vedaldi, Andrea and Zisserman, Andrew},
  booktitle={Proceedings of the IEEE Conference on Computer Vision and Pattern Recognition},
  pages={2315--2324},
  year={2016}
}

@article{yin2014robust,
  title={Robust text detection in natural scene images},
  author={Yin, Xu-Cheng and Yin, Xuwang and Huang, Kaizhu and Hao, Hong-Wei},
  journal={IEEE transactions on pattern analysis and machine intelligence},
  volume={36},
  number={5},
  pages={970--983},
  year={2014},
  publisher={IEEE}
}

@inproceedings{neumann2012real,
  title={Real-time scene text localization and recognition},
  author={Neumann, Luk{\'a}{\v{s}} and Matas, Ji{\v{r}}{\'\i}},
  booktitle={Computer Vision and Pattern Recognition (CVPR), 2012 IEEE Conference on},
  pages={3538--3545},
  year={2012},
  organization={IEEE}
}

@article{matas2004robust,
  title={Robust wide-baseline stereo from maximally stable extremal regions},
  author={Matas, Jiri and Chum, Ondrej and Urban, Martin and Pajdla, Tom{\'a}s},
  journal={Image and vision computing},
  volume={22},
  number={10},
  pages={761--767},
  year={2004},
  publisher={Elsevier}
}

@article{yin2015multi,
  title={Multi-orientation scene text detection with adaptive clustering},
  author={Yin, Xu-Cheng and Pei, Wei-Yi and Zhang, Jun and Hao, Hong-Wei},
  journal={IEEE transactions on pattern analysis and machine intelligence},
  volume={37},
  number={9},
  pages={1930--1937},
  year={2015},
  publisher={IEEE}
}

@inproceedings{kang2014orientation,
  title={Orientation robust text line detection in natural images},
  author={Kang, Le and Li, Yi and Doermann, David},
  booktitle={Proceedings of the IEEE Conference on Computer Vision and Pattern Recognition},
  pages={4034--4041},
  year={2014}
}

@inproceedings{He2017Scene,
  title={Scene text detection based on skeleton-cut detector},
  author={He, Xiang and Song, Yonghong and Zhang, Yuanlin},
  booktitle={IEEE International Conference on Image Processing},
  pages={3375-3379},
  year={2017},
}

@inproceedings{Cho2016Canny,
  title={Canny Text Detector: Fast and Robust Scene Text Localization Algorithm},
  author={Cho, Hojin and Sung, Myungchul and Jun, Bongjin},
  booktitle={Computer Vision and Pattern Recognition},
  pages={3566-3573},
  year={2016},
}

@article{Alsharif2013End,
  title={End-to-End Text Recognition with Hybrid HMM Maxout Models},
  author={Alsharif, Ouais and Pineau, Joelle},
  journal={Computer Science},
  year={2013},
}

@inproceedings{Jaderberg2014Deep,
  title={Deep Features for Text Spotting},
  author={Jaderberg, Max and Vedaldi, Andrea and Zisserman, Andrew},
  booktitle={European Conference on Computer Vision},
  pages={512-528},
  year={2014},
}

@article{Jaderberg2016Reading,
  title={Reading Text in the Wild with Convolutional Neural Networks},
  author={Jaderberg, Max and Simonyan, Karen and Vedaldi, Andrea and Zisserman, Andrew},
  journal={International Journal of Computer Vision},
  volume={116},
  number={1},
  pages={1-20},
  year={2016},
}

@article{Lam2002Thinning,
  title={Thinning Methodologies-A Comprehensive Survey},
  author={Lam, L. and Lee, S. W. and Suen, C. Y.},
  journal={IEEE Transactions on Pattern Analysis and Machine Intelligence},
  volume={14},
  number={9},
  pages={869-885},
  year={2002},
}

@inproceedings{Zhang2015Symmetry,
  title={Symmetry-based text line detection in natural scenes},
  author={Zhang, Zheng and Shen, Wei and Yao, Cong and Bai, Xiang},
  booktitle={IEEE Conference on Computer Vision and Pattern Recognition},
  pages={2558-2567},
  year={2015},
}

@inproceedings{Zhang2016Multi,
  title={Multi-oriented Text Detection with Fully Convolutional Networks},
  author={Zhang, Zheng and Zhang, Chengquan and Shen, Wei and Yao, Cong and Liu, Wenyu and Bai, Xiang},
  booktitle={IEEE Conference on Computer Vision and Pattern Recognition},
  pages={4159-4167},
  year={2016},
}

@inproceedings{Liao2017TextBoxes,
  title={TextBoxes: a Fast Text Detector with a Single Deep Neural Network},
  author={Liao, Minghui and Shi, Baoguang and Bai, Xiang and Wang, Xinggang and Liu, Wenyu},
  booktitle={AAAI Conference on Artificial Intelligence},
  pages={4161-4167}
  year={2017},
}

@inproceedings{Liu2016SSD,
  title={SSD: Single Shot MultiBox Detector},
  author={Liu, Wei and Anguelov, Dragomir and Erhan, Dumitru and Szegedy, Christian and Reed, Scott and Fu, Cheng Yang and Berg, Alexander C.},
  booktitle={European Conference on Computer Vision},
  pages={21-37},
  year={2016},
}

@inproceedings{Shi2017Detecting,
  title={Detecting Oriented Text in Natural Images by Linking Segments},
  author={Shi, Baoguang and Bai, Xiang and Belongie, Serge},
  booktitle={IEEE Conference on Computer Vision and Pattern Recognition},
  pages={3482-3490},
  year={2017},
}

@inproceedings{Shen2016Object,
  title={Object Skeleton Extraction in Natural Images by Fusing Scale-Associated Deep Side Outputs},
  author={Shen, Wei and Zhao, Kai and Jiang, Yuan and Wang, Yan and Zhang, Zhijiang and Bai, Xiang},
  booktitle={Computer Vision and Pattern Recognition},
  pages={222-230},
  year={2016},
}

@article{Shen2016DeepSkeleton,
  title={DeepSkeleton: Learning Multi-task Scale-associated Deep Side Outputs for Object Skeleton Extraction in Natural Images.},
  author={Shen, W. and Zhao, K. and Jiang, Y. and Wang, Y. and Bai, X. and Yuille, A},
  journal={IEEE Transactions on Image Processing},
  volume={PP},
  number={99},
  pages={1-1},
  year={2016},
}

@article{Lu2015Scene,
  title={Scene text extraction based on edges and support vector regression},
  author={Lu, Shijian and Chen, Tao and Tian, Shangxuan and Lim, Joo Hwee and Tan, Chew Lim},
  journal={International Journal on Document Analysis and Recognition},
  volume={18},
  number={2},
  pages={125-135},
  year={2015},
}
